@inproceedings{DBLP:conf/cp/HowellCY20,
  author    = {Ian Howell and
               Berthe Y. Choueiry and
               Hongfeng Yu},
  editor    = {Helmut Simonis},
  title     = {Visualizations to Summarize Search Behavior},
  booktitle = {Principles and Practice of Constraint Programming - 26th International
               Conference, {CP} 2020, Louvain-la-Neuve, Belgium, September 7-11,
               2020, Proceedings},
  series    = {Lecture Notes in Computer Science},
  volume    = {12333},
  pages     = {392--409},
  publisher = {Springer},
  year      = {2020},
  url       = {https://doi.org/10.1007/978-3-030-58475-7\_23},
  doi       = {10.1007/978-3-030-58475-7\_23},
  timestamp = {Tue, 08 Sep 2020 19:28:09 +0200},
  biburl    = {https://dblp.org/rec/conf/cp/HowellCY20.bib},
  bibsource = {dblp computer science bibliography, https://dblp.org}
}

@inproceedings{DBLP:conf/cp/SimonisDFMQC10,
  author    = {Helmut Simonis and
               Paul Davern and
               Jacob Feldman and
               Deepak Mehta and
               Luis Quesada and
               Mats Carlsson},
  editor    = {David Cohen},
  title     = {A Generic Visualization Platform for {CP}},
  booktitle = {Principles and Practice of Constraint Programming - {CP} 2010 - 16th
               International Conference, {CP} 2010, St. Andrews, Scotland, UK, September
               6-10, 2010. Proceedings},
  series    = {Lecture Notes in Computer Science},
  volume    = {6308},
  pages     = {460--474},
  publisher = {Springer},
  year      = {2010},
  url       = {https://doi.org/10.1007/978-3-642-15396-9\_37},
  doi       = {10.1007/978-3-642-15396-9\_37},
  timestamp = {Tue, 14 May 2019 10:00:45 +0200},
  biburl    = {https://dblp.org/rec/conf/cp/SimonisDFMQC10.bib},
  bibsource = {dblp computer science bibliography, https://dblp.org}
}

@inproceedings{DBLP:conf/discipl/SimonisCDFNT00,
  author    = {Helmut Simonis and
               Trijntje Cornelissens and
               Veroniek Dumortier and
               Giovanni Fabris and
               F. Nanni and
               Adriano Tirabosco},
  editor    = {Pierre Deransart and
               Manuel V. Hermenegildo and
               Jan Maluszynski},
  title     = {Using Constraint Visualisation Tools},
  booktitle = {Analysis and Visualization Tools for Constraint Programming, Constrain
               Debugging (DiSCiPl project)},
  series    = {Lecture Notes in Computer Science},
  volume    = {1870},
  pages     = {321--356},
  publisher = {Springer},
  year      = {2000},
  url       = {https://doi.org/10.1007/10722311\_14},
  doi       = {10.1007/10722311\_14},
  timestamp = {Tue, 14 May 2019 10:00:38 +0200},
  biburl    = {https://dblp.org/rec/conf/discipl/SimonisCDFNT00.bib},
  bibsource = {dblp computer science bibliography, https://dblp.org}
}

@inproceedings{DBLP:conf/discipl/SimonisABB00,
  author    = {Helmut Simonis and
               Abderrahmane Aggoun and
               Nicolas Beldiceanu and
               Eric Bourreau},
  editor    = {Pierre Deransart and
               Manuel V. Hermenegildo and
               Jan Maluszynski},
  title     = {Complex Constraint Abstraction: Global Constraint Visualisation},
  booktitle = {Analysis and Visualization Tools for Constraint Programming, Constrain
               Debugging (DiSCiPl project)},
  series    = {Lecture Notes in Computer Science},
  volume    = {1870},
  pages     = {299--317},
  publisher = {Springer},
  year      = {2000},
  url       = {https://doi.org/10.1007/10722311\_13},
  doi       = {10.1007/10722311\_13},
  timestamp = {Tue, 14 May 2019 10:00:38 +0200},
  biburl    = {https://dblp.org/rec/conf/discipl/SimonisABB00.bib},
  bibsource = {dblp computer science bibliography, https://dblp.org}
}

@inproceedings{DBLP:conf/discipl/SimonisA00,
  author    = {Helmut Simonis and
               Abderrahmane Aggoun},
  editor    = {Pierre Deransart and
               Manuel V. Hermenegildo and
               Jan Maluszynski},
  title     = {Search-Tree Visualisation},
  booktitle = {Analysis and Visualization Tools for Constraint Programming, Constrain
               Debugging (DiSCiPl project)},
  series    = {Lecture Notes in Computer Science},
  volume    = {1870},
  pages     = {191--208},
  publisher = {Springer},
  year      = {2000},
  url       = {https://doi.org/10.1007/10722311\_8},
  doi       = {10.1007/10722311\_8},
  timestamp = {Tue, 14 May 2019 10:00:38 +0200},
  biburl    = {https://dblp.org/rec/conf/discipl/SimonisA00.bib},
  bibsource = {dblp computer science bibliography, https://dblp.org}
}

@inproceedings{DBLP:conf/jfplc/SimonisA99,
  author    = {Helmut Simonis and
               Abderrahmane Aggoun},
  editor    = {Fran{\c{c}}ois Fages},
  title     = {Search Tree Debugging},
  booktitle = {JFPLC'99, Huiti{\`{e}}mes Journ{\'{e}}es Francophones de Programmation
               Logique et programmation par Contraintes, 2-4 juin 199, Lyon, France},
  pages     = {265--280},
  publisher = {Hermes},
  year      = {1999},
  timestamp = {Tue, 30 Mar 2004 12:53:17 +0200},
  biburl    = {https://dblp.org/rec/conf/jfplc/SimonisA99.bib},
  bibsource = {dblp computer science bibliography, https://dblp.org}
}

@article{DBLP:journals/tvcg/LiuDTGM21,
  author    = {Jie Liu and
               Tim Dwyer and
               Guido Tack and
               Samuel Gratzl and
               Kim Marriott},
  title     = {Supporting the Problem-Solving Loop: Designing Highly Interactive
               Optimisation Systems},
  journal   = {{IEEE} Trans. Vis. Comput. Graph.},
  volume    = {27},
  number    = {2},
  pages     = {1764--1774},
  year      = {2021},
  url       = {https://doi.org/10.1109/TVCG.2020.3030364},
  doi       = {10.1109/TVCG.2020.3030364},
  timestamp = {Tue, 01 Jun 2021 09:59:04 +0200},
  biburl    = {https://dblp.org/rec/journals/tvcg/LiuDTGM21.bib},
  bibsource = {dblp computer science bibliography, https://dblp.org}
}

@article{DBLP:journals/tvcg/GoodwinMDBTW17,
  author    = {Sarah Goodwin and
               Christopher Mears and
               Tim Dwyer and
               Maria Garcia de la Banda and
               Guido Tack and
               Mark Wallace},
  title     = {What do Constraint Programming Users Want to See? Exploring the Role
               of Visualisation in Profiling of Models and Search},
  journal   = {{IEEE} Trans. Vis. Comput. Graph.},
  volume    = {23},
  number    = {1},
  pages     = {281--290},
  year      = {2017},
  url       = {https://doi.org/10.1109/TVCG.2016.2598545},
  doi       = {10.1109/TVCG.2016.2598545},
  timestamp = {Fri, 27 Mar 2020 08:35:28 +0100},
  biburl    = {https://dblp.org/rec/journals/tvcg/GoodwinMDBTW17.bib},
  bibsource = {dblp computer science bibliography, https://dblp.org}
}

@article{DBLP:journals/constraints/ShishmarevMTB16,
  author    = {Maxim Shishmarev and
               Christopher Mears and
               Guido Tack and
               Maria Garcia de la Banda},
  title     = {Visual search tree profiling},
  journal   = {Constraints An Int. J.},
  volume    = {21},
  number    = {1},
  pages     = {77--94},
  year      = {2016},
  url       = {https://doi.org/10.1007/s10601-015-9202-1},
  doi       = {10.1007/s10601-015-9202-1},
  timestamp = {Fri, 13 Mar 2020 10:58:24 +0100},
  biburl    = {https://dblp.org/rec/journals/constraints/ShishmarevMTB16.bib},
  bibsource = {dblp computer science bibliography, https://dblp.org}
}

@inproceedings{DBLP:conf/iclp/Schulte97,
  author    = {Christian Schulte},
  editor    = {Lee Naish},
  title     = {Oz Explorer: {A} Visual Constraint Programming Tool},
  booktitle = {Logic Programming, Proceedings of the Fourteenth International Conference
               on Logic Programming, Leuven, Belgium, July 8-11, 1997},
  pages     = {286--300},
  publisher = {{MIT} Press},
  year      = {1997},
  timestamp = {Tue, 26 Dec 2017 15:02:23 +0100},
  biburl    = {https://dblp.org/rec/conf/iclp/Schulte97.bib},
  bibsource = {dblp computer science bibliography, https://dblp.org}
}

@inproceedings{DBLP:conf/ppdp/CameronBMM03,
  author    = {M. Cameron and
               Maria J. Garc{\'{\i}}a de la Banda and
               Kim Marriott and
               Peter Moulder},
  title     = {ViMer: a visual debugger for mercury},
  booktitle = {Proceedings of the 5th International {ACM} {SIGPLAN} Conference on
               Principles and Practice of Declarative Programming, 27-29 August 2003,
               Uppsala, Sweden},
  pages     = {56--66},
  publisher = {{ACM}},
  year      = {2003},
  url       = {https://doi.org/10.1145/888251.888258},
  doi       = {10.1145/888251.888258},
  timestamp = {Tue, 06 Nov 2018 16:57:25 +0100},
  biburl    = {https://dblp.org/rec/conf/ppdp/CameronBMM03.bib},
  bibsource = {dblp computer science bibliography, https://dblp.org}
}

@inproceedings{DBLP:conf/cp/Meier95,
  author    = {Micha Meier},
  editor    = {Ugo Montanari and
               Francesca Rossi},
  title     = {Debugging Constraint Programs},
  booktitle = {Principles and Practice of Constraint Programming - CP'95, First International
               Conference, CP'95, Cassis, France, September 19-22, 1995, Proceedings},
  series    = {Lecture Notes in Computer Science},
  volume    = {976},
  pages     = {204--221},
  publisher = {Springer},
  year      = {1995},
  url       = {https://doi.org/10.1007/3-540-60299-2\_13},
  doi       = {10.1007/3-540-60299-2\_13},
  timestamp = {Tue, 14 May 2019 10:00:45 +0200},
  biburl    = {https://dblp.org/rec/conf/cp/Meier95.bib},
  bibsource = {dblp computer science bibliography, https://dblp.org}
}

@inproceedings{DBLP:conf/discipl/CarroH00,
  author    = {Manuel Carro and
               Manuel V. Hermenegildo},
  editor    = {Pierre Deransart and
               Manuel V. Hermenegildo and
               Jan Maluszynski},
  title     = {Tools for Search-Tree Visualisation: The {APT} Tool},
  booktitle = {Analysis and Visualization Tools for Constraint Programming, Constrain
               Debugging (DiSCiPl project)},
  series    = {Lecture Notes in Computer Science},
  volume    = {1870},
  pages     = {237--252},
  publisher = {Springer},
  year      = {2000},
  url       = {https://doi.org/10.1007/10722311\_10},
  doi       = {10.1007/10722311\_10},
  timestamp = {Tue, 14 May 2019 10:00:38 +0200},
  biburl    = {https://dblp.org/rec/conf/discipl/CarroH00.bib},
  bibsource = {dblp computer science bibliography, https://dblp.org}
}
@inproceedings{DBLP:conf/discipl/CarroH00a,
  author    = {Manuel Carro and
               Manuel V. Hermenegildo},
  editor    = {Pierre Deransart and
               Manuel V. Hermenegildo and
               Jan Maluszynski},
  title     = {Tools for Constraint Visualisation: The {VIFID/TRIFID} Tool},
  booktitle = {Analysis and Visualization Tools for Constraint Programming, Constrain
               Debugging (DiSCiPl project)},
  series    = {Lecture Notes in Computer Science},
  volume    = {1870},
  pages     = {253--272},
  publisher = {Springer},
  year      = {2000},
  url       = {https://doi.org/10.1007/10722311\_11},
  doi       = {10.1007/10722311\_11},
  timestamp = {Tue, 14 May 2019 10:00:38 +0200},
  biburl    = {https://dblp.org/rec/conf/discipl/CarroH00a.bib},
  bibsource = {dblp computer science bibliography, https://dblp.org}
}

@inproceedings{DBLP:conf/agp/CarroH98,
  author    = {Manuel Carro and
               Manuel V. Hermenegildo},
  editor    = {Jos{\'{e}} Luis Freire{-}Nistal and
               Moreno Falaschi and
               Manuel Vilares Ferro},
  title     = {Some Design Issues in the Visualization of Constraint Logic Program
               Execution},
  booktitle = {1998 Joint Conference on Declarative Programming, APPIA-GULP-PRODE'98,
               {A} Coru{\~{n}}a, Spain, July 20-23, 1998},
  pages     = {71--86},
  year      = {1998},
  timestamp = {Wed, 21 Nov 2007 11:59:17 +0100},
  biburl    = {https://dblp.org/rec/conf/agp/CarroH98.bib},
  bibsource = {dblp computer science bibliography, https://dblp.org}
}

@inproceedings{DBLP:conf/discipl/DeransartHM00,
  author    = {Pierre Deransart and
               Manuel V. Hermenegildo and
               Jan Maluszynski},
  editor    = {Pierre Deransart and
               Manuel V. Hermenegildo and
               Jan Maluszynski},
  title     = {Debugging of Constraint Programs: The {DiSCiPl} Methodology and Tools
               - Introduction},
  booktitle = {Analysis and Visualization Tools for Constraint Programming, Constrain
               Debugging (DiSCiPl project)},
  series    = {Lecture Notes in Computer Science},
  volume    = {1870},
  pages     = {1--20},
  publisher = {Springer},
  year      = {2000},
  url       = {https://doi.org/10.1007/10722311\_1},
  doi       = {10.1007/10722311\_1},
  timestamp = {Tue, 14 May 2019 10:00:38 +0200},
  biburl    = {https://dblp.org/rec/conf/discipl/DeransartHM00.bib},
  bibsource = {dblp computer science bibliography, https://dblp.org}
}

@inproceedings{DBLP:conf/iclp/Deransart04,
  author    = {Pierre Deransart},
  editor    = {Bart Demoen and
               Vladimir Lifschitz},
  title     = {Main Results of the {OADymPPaC} Project},
  booktitle = {Logic Programming, 20th International Conference, {ICLP} 2004, Saint-Malo,
               France, September 6-10, 2004, Proceedings},
  series    = {Lecture Notes in Computer Science},
  volume    = {3132},
  pages     = {456--457},
  publisher = {Springer},
  year      = {2004},
  url       = {https://doi.org/10.1007/978-3-540-27775-0\_36},
  doi       = {10.1007/978-3-540-27775-0\_36},
  timestamp = {Tue, 14 May 2019 10:00:48 +0200},
  biburl    = {https://dblp.org/rec/conf/iclp/Deransart04.bib},
  bibsource = {dblp computer science bibliography, https://dblp.org}
}

@article{DBLP:journals/constraints/DoomsHM09,
  author    = {Gr{\'{e}}goire Dooms and
               Pascal Van Hentenryck and
               Laurent Michel},
  title     = {Model-driven visualizations of constraint-based local search},
  journal   = {Constraints An Int. J.},
  volume    = {14},
  number    = {3},
  pages     = {294--324},
  year      = {2009},
  url       = {https://doi.org/10.1007/s10601-008-9063-y},
  doi       = {10.1007/s10601-008-9063-y},
  timestamp = {Fri, 13 Mar 2020 10:58:32 +0100},
  biburl    = {https://dblp.org/rec/journals/constraints/DoomsHM09.bib},
  bibsource = {dblp computer science bibliography, https://dblp.org}
}

@inproceedings{DBLP:conf/ijcai/HowellWCB18,
  author    = {Ian Howell and
               Robert J. Woodward and
               Berthe Y. Choueiry and
               Christian Bessiere},
  editor    = {J{\'{e}}r{\^{o}}me Lang},
  title     = {Solving Sudoku with Consistency: {A} Visual and Interactive Approach},
  booktitle = {Proceedings of the Twenty-Seventh International Joint Conference on
               Artificial Intelligence, {IJCAI} 2018, July 13-19, 2018, Stockholm,
               Sweden},
  pages     = {5829--5831},
  publisher = {ijcai.org},
  year      = {2018},
  url       = {https://doi.org/10.24963/ijcai.2018/852},
  doi       = {10.24963/ijcai.2018/852},
  timestamp = {Tue, 20 Aug 2019 16:19:08 +0200},
  biburl    = {https://dblp.org/rec/conf/ijcai/HowellWCB18.bib},
  bibsource = {dblp computer science bibliography, https://dblp.org}
}

@article{DBLP:journals/constraints/FagesSC04,
  author    = {Fran{\c{c}}ois Fages and
               Sylvain Soliman and
               R{\'{e}}mi Coolen},
  title     = {{CLPGUI:} {A} Generic Graphical User Interface for Constraint Logic
               Programming},
  journal   = {Constraints An Int. J.},
  volume    = {9},
  number    = {4},
  pages     = {241--262},
  year      = {2004},
  url       = {https://doi.org/10.1023/B:CONS.0000049203.53383.c1},
  doi       = {10.1023/B:CONS.0000049203.53383.c1},
  timestamp = {Fri, 13 Mar 2020 10:58:22 +0100},
  biburl    = {https://dblp.org/rec/journals/constraints/FagesSC04.bib},
  bibsource = {dblp computer science bibliography, https://dblp.org}
}

@article{DBLP:journals/constraints/PrestwichHSRT12,
  author    = {Steven David Prestwich and
               Brahim Hnich and
               Helmut Simonis and
               Roberto Rossi and
               S. Armagan Tarim},
  title     = {Partial symmetry breaking by local search in the group},
  journal   = {Constraints An Int. J.},
  volume    = {17},
  number    = {2},
  pages     = {148--171},
  year      = {2012},
  url       = {https://doi.org/10.1007/s10601-012-9117-z},
  doi       = {10.1007/s10601-012-9117-z},
  timestamp = {Fri, 13 Mar 2020 10:58:33 +0100},
  biburl    = {https://dblp.org/rec/journals/constraints/PrestwichHSRT12.bib},
  bibsource = {dblp computer science bibliography, https://dblp.org}
}

@inproceedings{DBLP:conf/cpaior/SimonisO11,
  author    = {Helmut Simonis and
               Barry O'Sullivan},
  editor    = {Tobias Achterberg and
               J. Christopher Beck},
  title     = {Almost Square Packing},
  booktitle = {Integration of {AI} and {OR} Techniques in Constraint Programming
               for Combinatorial Optimization Problems - 8th International Conference,
               {CPAIOR} 2011, Berlin, Germany, May 23-27, 2011. Proceedings},
  series    = {Lecture Notes in Computer Science},
  volume    = {6697},
  pages     = {196--209},
  publisher = {Springer},
  year      = {2011},
  url       = {https://doi.org/10.1007/978-3-642-21311-3\_19},
  doi       = {10.1007/978-3-642-21311-3\_19},
  timestamp = {Tue, 14 May 2019 10:00:47 +0200},
  biburl    = {https://dblp.org/rec/conf/cpaior/SimonisO11.bib},
  bibsource = {dblp computer science bibliography, https://dblp.org}
}

@inproceedings{DBLP:conf/softvis/GhoniemCFJ05,
  author    = {Mohammad Ghoniem and
               Hadrien Cambazard and
               Jean{-}Daniel Fekete and
               Narendra Jussien},
  editor    = {Thomas L. Naps and
               Wim De Pauw},
  title     = {Peeking in solver strategies using explanations visualization of dynamic
               graphs for constraint programming},
  booktitle = {Proceedings of the {ACM} 2005 Symposium on Software Visualization,
               St. Louis, Missouri, USA, May 14-15, 2005},
  pages     = {27--36},
  publisher = {{ACM}},
  year      = {2005},
  url       = {https://doi.org/10.1145/1056018.1056022},
  doi       = {10.1145/1056018.1056022},
  timestamp = {Thu, 09 May 2019 13:10:55 +0200},
  biburl    = {https://dblp.org/rec/conf/softvis/GhoniemCFJ05.bib},
  bibsource = {dblp computer science bibliography, https://dblp.org}
}

@inproceedings{DBLP:conf/cpaior/LeoT17,
  author    = {Kevin Leo and
               Guido Tack},
  editor    = {Domenico Salvagnin and
               Michele Lombardi},
  title     = {Debugging Unsatisfiable Constraint Models},
  booktitle = {Integration of {AI} and {OR} Techniques in Constraint Programming
               - 14th International Conference, {CPAIOR} 2017, Padua, Italy, June
               5-8, 2017, Proceedings},
  series    = {Lecture Notes in Computer Science},
  volume    = {10335},
  pages     = {77--93},
  publisher = {Springer},
  year      = {2017},
  url       = {https://doi.org/10.1007/978-3-319-59776-8\_7},
  doi       = {10.1007/978-3-319-59776-8\_7},
  timestamp = {Tue, 14 May 2019 10:00:47 +0200},
  biburl    = {https://dblp.org/rec/conf/cpaior/LeoT17.bib},
  bibsource = {dblp computer science bibliography, https://dblp.org}
}

@inproceedings{Korikov2021,
author = {Anton Korikov and Christopher Beck},
title = {Counterfactual Explanations via Inverse Constraint Programming},
booktitle={Proceedings of CP 2021},
year={2021}
}

@inproceedings{DBLP:conf/ijcai/KorikovSB21,
  author    = {Anton Korikov and
               Alexander Shleyfman and
               J. Christopher Beck},
  editor    = {Zhi{-}Hua Zhou},
  title     = {Counterfactual Explanations for Optimization-Based Decisions in the
               Context of the {GDPR}},
  booktitle = {Proceedings of the Thirtieth International Joint Conference on Artificial
               Intelligence, {IJCAI} 2021, Virtual Event / Montreal, Canada, 19-27
               August 2021},
  pages     = {4097--4103},
  publisher = {ijcai.org},
  year      = {2021},
  url       = {https://doi.org/10.24963/ijcai.2021/564},
  doi       = {10.24963/ijcai.2021/564},
  timestamp = {Wed, 25 Aug 2021 17:11:16 +0200},
  biburl    = {https://dblp.org/rec/conf/ijcai/KorikovSB21.bib},
  bibsource = {dblp computer science bibliography, https://dblp.org}
}
@inproceedings{DBLP:conf/ijcai/GuptaGO21,
  author    = {Sharmi Dev Gupta and
               Begum Genc and
               Barry O'Sullivan},
  editor    = {Zhi{-}Hua Zhou},
  title     = {Explanation in Constraint Satisfaction: {A} Survey},
  booktitle = {Proceedings of the Thirtieth International Joint Conference on Artificial
               Intelligence, {IJCAI} 2021, Virtual Event / Montreal, Canada, 19-27
               August 2021},
  pages     = {4400--4407},
  publisher = {ijcai.org},
  year      = {2021},
  url       = {https://doi.org/10.24963/ijcai.2021/601},
  doi       = {10.24963/ijcai.2021/601},
  timestamp = {Wed, 25 Aug 2021 17:11:16 +0200},
  biburl    = {https://dblp.org/rec/conf/ijcai/GuptaGO21.bib},
  bibsource = {dblp computer science bibliography, https://dblp.org}
}

@inproceedings{DBLP:conf/dimacs/Gervet98,
  author    = {Carmen Gervet},
  editor    = {Eugene C. Freuder and
               Richard J. Wallace},
  title     = {Large scale combinatorial optimization: {A} methodological viewpoint},
  booktitle = {Constraint Programming and Large Scale Discrete Optimization, Proceedings
               of a {DIMACS} Workshop, Princeton, New Jersey, USA, September 14-17,
               1998},
  series    = {{DIMACS} Series in Discrete Mathematics and Theoretical Computer Science},
  volume    = {57},
  pages     = {151--175},
  publisher = {{DIMACS/AMS}},
  year      = {1998},
  url       = {https://doi.org/10.1090/dimacs/057/09},
  doi       = {10.1090/dimacs/057/09},
  timestamp = {Tue, 16 Jul 2019 16:47:56 +0200},
  biburl    = {https://dblp.org/rec/conf/dimacs/Gervet98.bib},
  bibsource = {dblp computer science bibliography, https://dblp.org}
}

@inproceedings{DBLP:conf/acsc/DowningFS12,
  author    = {Nicholas Downing and
               Thibaut Feydy and
               Peter J. Stuckey},
  editor    = {Mark Reynolds and
               Bruce H. Thomas},
  title     = {Explaining alldifferent},
  booktitle = {Thirty-Fifth Australasian Computer Science Conference, {ACSC} 2012,
               Melbourne, Australia, January 2012},
  series    = {{CRPIT}},
  volume    = {122},
  pages     = {115--124},
  publisher = {Australian Computer Society},
  year      = {2012},
  url       = {http://crpit.scem.westernsydney.edu.au/abstracts/CRPITV122Downing.html},
  timestamp = {Fri, 02 Jul 2021 14:10:58 +0200},
  biburl    = {https://dblp.org/rec/conf/acsc/DowningFS12.bib},
  bibsource = {dblp computer science bibliography, https://dblp.org}
}

@inproceedings{DBLP:conf/cpaior/Bosch06,
  author    = {Robert Bosch},
  editor    = {J. Christopher Beck and
               Barbara M. Smith},
  title     = {Opt Art},
  booktitle = {Integration of {AI} and {OR} Techniques in Constraint Programming
               for Combinatorial Optimization Problems, Third International Conference,
               {CPAIOR} 2006, Cork, Ireland, May 31 - June 2, 2006, Proceedings},
  series    = {Lecture Notes in Computer Science},
  volume    = {3990},
  pages     = {1},
  publisher = {Springer},
  year      = {2006},
  url       = {https://doi.org/10.1007/11757375\_1},
  doi       = {10.1007/11757375\_1},
  timestamp = {Tue, 14 May 2019 10:00:47 +0200},
  biburl    = {https://dblp.org/rec/conf/cpaior/Bosch06.bib},
  bibsource = {dblp computer science bibliography, https://dblp.org}
}

@article{DBLP:journals/anor/CambazardHOO11,
  author    = {Hadrien Cambazard and
               John Horan and
               Eoin O'Mahony and
               Barry O'Sullivan},
  title     = {Domino portrait generation: a fast and scalable approach},
  journal   = {Ann. Oper. Res.},
  volume    = {184},
  number    = {1},
  pages     = {79--95},
  year      = {2011},
  url       = {https://doi.org/10.1007/s10479-010-0738-6},
  doi       = {10.1007/s10479-010-0738-6},
  timestamp = {Thu, 13 Aug 2020 12:40:22 +0200},
  biburl    = {https://dblp.org/rec/journals/anor/CambazardHOO11.bib},
  bibsource = {dblp computer science bibliography, https://dblp.org}
}

@article{DBLP:journals/access/StepinACP21,
  author    = {Ilia Stepin and
               Jos{\'{e}} Maria Alonso and
               Alejandro Catal{\'{a}} and
               Martin Pereira{-}Fari{\~{n}}a},
  title     = {A Survey of Contrastive and Counterfactual Explanation Generation
               Methods for Explainable Artificial Intelligence},
  journal   = {{IEEE} Access},
  volume    = {9},
  pages     = {11974--12001},
  year      = {2021},
  url       = {https://doi.org/10.1109/ACCESS.2021.3051315},
  doi       = {10.1109/ACCESS.2021.3051315},
  timestamp = {Wed, 12 May 2021 09:10:18 +0200},
  biburl    = {https://dblp.org/rec/journals/access/StepinACP21.bib},
  bibsource = {dblp computer science bibliography, https://dblp.org}
}

@article{DBLP:journals/corr/abs-2010-10596,
  author    = {Sahil Verma and
               John P. Dickerson and
               Keegan Hines},
  title     = {Counterfactual Explanations for Machine Learning: {A} Review},
  journal   = {CoRR},
  volume    = {abs/2010.10596},
  year      = {2020},
  url       = {https://arxiv.org/abs/2010.10596},
  eprinttype = {arXiv},
  eprint    = {2010.10596},
  timestamp = {Mon, 26 Oct 2020 15:39:44 +0100},
  biburl    = {https://dblp.org/rec/journals/corr/abs-2010-10596.bib},
  bibsource = {dblp computer science bibliography, https://dblp.org}
}

@article{DBLP:journals/tvcg/SaketED19,
  author    = {Bahador Saket and
               Alex Endert and
               {\c{C}}agatay Demiralp},
  title     = {Task-Based Effectiveness of Basic Visualizations},
  journal   = {{IEEE} Trans. Vis. Comput. Graph.},
  volume    = {25},
  number    = {7},
  pages     = {2505--2512},
  year      = {2019},
  url       = {https://doi.org/10.1109/TVCG.2018.2829750},
  doi       = {10.1109/TVCG.2018.2829750},
  timestamp = {Sat, 30 May 2020 19:47:54 +0200},
  biburl    = {https://dblp.org/rec/journals/tvcg/SaketED19.bib},
  bibsource = {dblp computer science bibliography, https://dblp.org}
}